<?xml version="1.0" encoding="UTF-8"?><collection xmlns="http://www.loc.gov/MARC21/slim"><record><leader>00405nam--2200121-i-4500</leader><controlfield tag="001">000001992</controlfield><controlfield tag="002">20161230</controlfield><controlfield tag="005">20161230201024</controlfield><controlfield tag="008">060222s1000------------r-----000-0-eng-d</controlfield><datafield ind1=" " ind2=" " tag="100"><subfield code="a">Francombe, M.H., Rooksby H.P</subfield></datafield><datafield ind1=" " ind2=" " tag="245"><subfield code="a">Structure transformations efected by the dehydration of diaspore, goethite and delta ferric oxide</subfield></datafield><datafield ind1=" " ind2=" " tag="260"><subfield code="a">Reprinted From: Clay Minerals Bulletin, August 1959.Pp.1-14</subfield></datafield><datafield ind1=" " ind2=" " tag="852"><subfield code="a">6735</subfield></datafield></record></collection>